@book{resume,
  title={Data Mining et statistique decisionnelle},
  author={Stéphane TUFFERY},
  volume={},
  year={2010},
  publisher={Edition Technip,Paris}
} 



@book{loidatamining,
  title={Le Data Mining},
  author={ Dominique Revuz,Damien Jubeau},
  volume={},
  year={2012},
  publisher={http://www-igm.univ-mlv.fr/~dr/XPOSE2012/datamining/index.html}
} 

@book{stephane,
  title={Data Mining et statistique decisionnelle},
  author={Stéphane TUFFERY},
  volume={},
  year={2010},
  publisher={Edition Technip,Paris}
} 

@book{ibm,
  title={L’utilisation du data
mining pour détecter la
fraude à l’assurance },
  author={Stephen Richard Graphics},
  volume={},
  year={
11/1/2011},
  publisher={IBM}
} 

@book{thomas,
  title={A Predictive Analytics Primer},
  author={Thomas H. Davenport},
  volume={},
  year={02/09/2014},
  publisher={https://hbr.org/2014/09/a-predictive-analytics-primer}
} 
@book{Benjamin,
  title={Les enjeux de l’analyse prédictive dans le métier de l’Assurance },
  author={Benjamin BOULVERT},
  volume={},
  year={04.05.2015},
  publisher={http://www.insurancespeaker-solucom.fr/2015/05/les-enjeux-de-lanalyse-predictive-dans-le-metier-de-lassurance/}
} 

@book{parlement,
  title={Directive 95/46/CE du Parlement européen et du Conseil du 24 octobre 1995},
  author={europa},
  volume={},
  year={},
  publisher={http://eur-lex.europa.eu/LexUriServ/LexUriServ.do?uri=CELEX%3A31995L0046%3AFR%3AHTML}
} 
@book{methodologie,
  title={Data mining - Introduction générale},
  author={Mohamed Heny SELMI},
  volume={},
  year={29/02/2016},
  publisher={http://fr.slideshare.net/mohamedhenyselmi/data-mining-introduction-gnrale}
}

@book{medecine,
  title={Le data mining améliore les prescriptions médicales},
  author={BUSINESS ANALYTICS INFO},
  volume={},
  year={22/07/2013},
  publisher={http://business-analytics-info.fr/archives/4878/le-data-mining-ameliore-les-prescriptions-medicales/}
} 
@book{infolegale,
  title={Reduire votre besoin en fonds de roulements},
  author={infolegale},
  volume={},
  year={11/05/2016},
  publisher={https://www.infolegale.fr/fr/reduire-besoin-fonds-de-roulement-utilisant-solution-de-scoring/}
} 
@book{bmw,
  title={BMW s’appuie sur l’analyse prédictive pour renforcer sa compétitivité},
  author={Analyse Predictive},
  volume={},
  year={11/08/2011},
  publisher={http://www.analysepredictive.fr/qualite-predictive/applications-qualite/bmw-s%E2%80%99appuie-sur-l%E2%80%99analyse-predictive-pour-renforcer-sa-competitivite}
} 
@book{reseaux,
  title={Réseau de neurones artificiels},
  author={Wikipedia},
  volume={},
  year={mai 2016},
  publisher={https://fr.wikipedia.org/wiki/R%C3%A9seau_de_neurones_artificiels#Structure_du_r.C3.A9seau}
} 
@book{acp,
  title={Analyses en composantes pincipales},
  author={Wikipedia},
  volume={},
  year={juin 2016},
  publisher={https://fr.wikipedia.org/}
} 
@book{concepts,
  title={Techniques appliquées au Marketing,à la vente et aux services clients},
  author={Michael Berry, Gordon Linoff},
  volume={},
  year={1997},
  publisher={http://www.masson.fr}
} 
@book{kdd,
  title={Découverte de connaissances et Data Mining},
  author={RITHME Consulting},
  volume={},
  year={2016}, publisher{http://www.rithme.eu/m=resources&p=kdprocess&lang=fr}
} 
@book{risque,
  title={Score de risque},
  author={B.Bathelot},
  volume={},
  year={14/04/2015}, publisher{http://www.definitions-marketing.com/definition/score-de-risque/}
} 
@book{rapidminer,
  title={RapidMiner},
  author={Université de Lille},
  volume={},
  year={janvier 2010}, publisher{http://www.fil.univ-lille1.fr/~decomite/ue/MFFDD/tp1/rapidminer.pdf}
} 
@book{r,
  title={R (langage de programmation et environnement statistique)},
  author={Wikipedia},
  volume={},
  year={Mars 2016}, publisher{https://fr.wikipedia.org/wiki/R_%28langage_de_programmation_et_environnement_statistique%29}
} 
@book{weka,
  title={Weka (informatique)},
  author={Wikipedia},
  volume={},
  year={Mars 2016}, publisher{https://fr.wikipedia.org/wiki/Weka_%28informatique%29}
} 
@book{weka1,
  title={Weka The university of Waikato},
  author={Machine Learning Group at the University of Waikato},
  volume={},
  year={2016}, publisher{http://www.cs.waikato.ac.nz/ml/weka/}
}
@book{cap,
  title={la transformation digitale représente une formidable opportunité pour les Utilities de s’adapter à la transition énergétique tout en gagnant en compétitivité},
  author={Capgemini},
  volume={},
  year={Novembre 2015}, publisher{https://www.fr.capgemini.com/news/selon-lobservatoire-europeen-des-marches-de-lenergie-la-transformation-digitale-represente-une#3}
} 

@book{next_step,
  title={R++, the Next Step},
  author={C. Genolinia, J. Falcoub et R. Tournierc},
  volume={},
  year={2014}, publisher{https://r2014-mtp.sciencesconf.org/38335/document}
} 

@book{banque_fraude,
  title={Data Mining, A quoi sert-il, the Next Step},
  author={Olivier Magnan},
  volume={},
  year={2013}, publisher{http://mbegl.blogspot.fr/2013/12/datamining-quoi-sert-il-quelles-sont.html}
} 
@book{assurance_fraude,
  title={LES ENJEUX DE L’ANALYSE PRÉDICTIVE DANS LE MÉTIER DE L’ASSURANCE},
  author={Benjamin Boulvert},
  volume={},
  year={2015}, publisher{http://www.insurancespeaker-solucom.fr/2015/05/les-enjeux-de-lanalyse-predictive-dans-le-metier-de-lassurance/}
} 
@book{tekephone_secteur,
  title={DATA MINING IN TELECOMMUNICATIONS
},
  author={Gary M. Weiss},
  volume={},
  year={2001}, publisher{https://www.google.fr/url?sa=t&rct=j&q=&esrc=s&source=web&cd=1&ved=0ahUKEwj5_9n878jOAhWFWRoKHe4dAloQFgghMAA&url=http%3A%2F%2Fwww.fordham.edu%2Fdownload%2Fdownloads%2Fid%2F3815%2Fweiss_-_data_mining_in_telecommunications.pdf&usg=AFQjCNE7FiVTwB7kwoQr61nspW4aVnSB_g&bvm=bv.129759880,d.d2s}
} 

@book{auto_mining,
  title={Automobile : la maintenance prédictive grâce au Big Data},
  author={Bastien L},
  volume={},
  year={2016}, publisher{http://www.lebigdata.fr/automobile-maintenance-predictive-grace-big-data}
} 

@book{linky,
  title={Linky et compagnie},
  author={Puissance Plume},
  volume={},
  year={2015}, publisher{http://www.p-plum.fr/IMG/pdf/brochure-Linky_avec-garde.pdf}
} 

@book{linky2,
  title={Le traitement des données et le big data de l’électricité},
  author={Smart Grids CRE},
  volume={},
  year={2015}, publisher{http://www.smartgrids-cre.fr/index.php?p=gestion-donnees-traitement-big-data}
} 
@book{batiment,
  title={L’ANALYSE DE DONNÉES ET LE BIG DATA AU SERVICE DE L’EFFICACITÉ ÉNERGÉTIQUE : LE BÂTIMENT CONNECTÉ},
  author={Héloïse Nonne},
  volume={},
  year={2015}, publisher{https://quantmetry-blog.com/2015/09/02/lanalyse-de-donnees-et-le-big-data-au-service-de-lefficacite-energetique-le-batiment-connecte/}
} 

@book{batiment1,
  title={L’ANALYSE DE DONNÉES ET LE BIG DATA AU SERVICE DE L’EFFICACITÉ ÉNERGÉTIQUE : LE BÂTIMENT CONNECTÉ},
  author={Héloïse Nonne},
  volume={},
  year={2015}, publisher{https://quantmetry-blog.com/2015/09/02/lanalyse-de-donnees-et-le-big-data-au-service-de-lefficacite-energetique-le-batiment-connecte/}
} 

 

